<?xml version="1.0" encoding="UTF-8"?><collection xmlns="http://www.loc.gov/MARC21/slim"><record><leader>00348nam--2200133-i-4500</leader><controlfield tag="001">000042131</controlfield><controlfield tag="002">20161230</controlfield><controlfield tag="005">20161230201043</controlfield><controlfield tag="008">060222s1000------------r-----000-0-eng-d</controlfield><datafield ind1=" " ind2=" " tag="080"><subfield code="a">531.19+03.82+40</subfield></datafield><datafield ind1=" " ind2=" " tag="100"><subfield code="a">Akhiezer A. Et Peletminski,S</subfield></datafield><datafield ind1=" " ind2=" " tag="245"><subfield code="a">Les methodes de la physique statistique</subfield></datafield><datafield ind1=" " ind2=" " tag="260"><subfield code="a">Moscou, Ed.Mir, 1980. 387 P</subfield></datafield><datafield ind1=" " ind2=" " tag="852"><subfield code="a">49101</subfield></datafield></record></collection>